<mx:record xmlns="http://www.w3.org/TR/xhtml1/strict" xmlns:mx="http://www.loc.gov/MARC21/slim" xmlns:xsi="http://www.w3.org/2001/XMLSchema-instance"><mx:leader>00000cz  a2200000n  45 0</mx:leader><mx:controlfield tag="001">oca03453940 </mx:controlfield><mx:controlfield tag="005">20021108053300.0</mx:controlfield><mx:controlfield tag="008">930910n| acannaabn          |a aaa     c</mx:controlfield><mx:datafield ind1=" " ind2=" " tag="010"><mx:subfield code="a">nr 93035833</mx:subfield></mx:datafield><mx:datafield ind1=" " ind2=" " tag="040"><mx:subfield code="a">Uk/ESTC-NA</mx:subfield><mx:subfield code="c">ESTC-NA</mx:subfield><mx:subfield code="d">ICU</mx:subfield></mx:datafield><mx:datafield ind1=" " ind2=" " tag="035"><mx:subfield code="a">(Uk)tb034877</mx:subfield></mx:datafield><mx:datafield ind1="0" ind2=" " tag="100"><mx:subfield code="a">Serenus,</mx:subfield><mx:subfield code="c">Antinoensis</mx:subfield></mx:datafield><mx:datafield ind1="0" ind2=" " tag="400"><mx:subfield code="a">Serenus,</mx:subfield><mx:subfield code="c">Antissensis</mx:subfield></mx:datafield><mx:datafield ind1="0" ind2=" " tag="400"><mx:subfield code="a">Serenus,</mx:subfield><mx:subfield code="c">of Anzi</mx:subfield></mx:datafield><mx:datafield ind1="0" ind2=" " tag="400"><mx:subfield code="a">Serenus,</mx:subfield><mx:subfield code="c">d'Antinoe</mx:subfield></mx:datafield><mx:datafield ind1=" " ind2=" " tag="667"><mx:subfield code="a">Data provided by the ESTC/BL</mx:subfield></mx:datafield><mx:datafield ind1=" " ind2=" " tag="670"><mx:subfield code="a">Apollonius, of Perga. Apollonii Pergæi Conicorum libri octo, et Sereni Antissensis De sectione cylindri &amp; coni libri duo, 1710.</mx:subfield></mx:datafield><mx:datafield ind1=" " ind2=" " tag="670"><mx:subfield code="a">NUC pre-56</mx:subfield><mx:subfield code="b">(Serenus, Antinoensis)</mx:subfield></mx:datafield><mx:datafield ind1=" " ind2=" " tag="670"><mx:subfield code="a">BM</mx:subfield><mx:subfield code="b">(Serenus, of Anzi)</mx:subfield></mx:datafield><mx:datafield ind1=" " ind2=" " tag="670"><mx:subfield code="a">Serenus d'Antinoe dans la tradition apollonienne et archimedienne, 2002:</mx:subfield><mx:subfield code="b">t.p.</mx:subfield></mx:datafield><mx:datafield ind1=" " ind2=" " tag="999"><mx:subfield code="a">1326</mx:subfield></mx:datafield></mx:record>